@online{359929WhenClicking,
  title = {359929 – {{When}} Clicking on a Hyperlink to Another {{PDF}} File, {{Okular}} Should Open a New Window},
  url = {https://bugs.kde.org/show_bug.cgi?id=359929},
  urldate = {2023-11-05},
  file = {/home/areo/Zotero/storage/ZWJUPDDM/show_bug.html}
}

@online{ArchLinuxArchWiki,
  title = {Arch {{Linux}} - {{ArchWiki}}},
  url = {https://wiki.archlinux.org/title/Arch_Linux},
  urldate = {2023-11-05},
  file = {/home/areo/Zotero/storage/G3HZHFZ7/Arch_Linux.html}
}

@online{ArchLinuxDesktopfileutils,
  title = {Arch {{Linux}} - Desktop-File-Utils 0.27-1 (X86\_64)},
  url = {https://archlinux.org/packages/extra/x86_64/desktop-file-utils/},
  urldate = {2023-11-05},
  file = {/home/areo/Zotero/storage/DNICJ4A4/desktop-file-utils.html}
}

@online{ayushAnswerWhatDifference2011,
  title = {Answer to "{{What}} Is the Difference between {{URI}}, {{URL}} and {{URN}}?"},
  shorttitle = {Answer to "{{What}} Is the Difference between {{URI}}, {{URL}} and {{URN}}?},
  author = {{ayush}},
  date = {2011-02-06},
  url = {https://stackoverflow.com/a/4913371},
  urldate = {2023-11-05},
  organization = {{Stack Overflow}},
  file = {/home/areo/Zotero/storage/TGWYD2UG/what-is-the-difference-between-uri-url-and-urn.html}
}

@inreference{BritishAmericanKeyboards2023,
  title = {British and {{American}} Keyboards},
  booktitle = {Wikipedia},
  date = {2023-05-26T22:21:36Z},
  url = {https://en.wikipedia.org/w/index.php?title=British_and_American_keyboards&oldid=1157184290},
  urldate = {2023-10-23},
  abstract = {There are two major English language computer keyboard layouts, the United States layout and the United Kingdom layout defined in BS 4822 (48-key version). Both are QWERTY layouts. Users in the United States do not frequently need to make use of the £ (pound) and € (euro) currency symbols, which are common needs in the United Kingdom and Ireland, although the \$ (dollar sign) symbol is also provided as standard on UK and Irish keyboards. In other countries which predominantly use English as a common working language, such as Australia, Canada (in English-speaking parts), and New Zealand, the US keyboard is commonly used.},
  langid = {english},
  annotation = {Page Version ID: 1157184290},
  file = {/home/areo/Zotero/storage/Z24MEKYI/British_and_American_keyboards.html}
}

@online{CallingTextMateOther,
  title = {Calling {{TextMate}} from {{Other Applications}} — {{TextMate}} 1.x {{Manual}}},
  url = {https://macromates.com/manual/en/using_textmate_from_terminal#url_scheme_html},
  urldate = {2023-11-05},
  file = {/home/areo/Zotero/storage/P7GTBBD4/using_textmate_from_terminal.html}
}

@online{chazelasAnswerDifferenceHelp2014,
  title = {Answer to "{{Difference}} between Help, Info and Man Command"},
  author = {Chazelas, Stéphane},
  date = {2014-10-07},
  url = {https://unix.stackexchange.com/a/159817},
  urldate = {2023-11-14},
  organization = {{Unix \& Linux Stack Exchange}},
  file = {/home/areo/Zotero/storage/YHKP7ITD/difference-between-help-info-and-man-command.html}
}

@software{chubinChubinCheatSh2023,
  title = {Chubin/Cheat.Sh},
  author = {Chubin, Igor},
  date = {2023-11-14T10:40:42Z},
  origdate = {2017-05-07T21:40:56Z},
  url = {https://github.com/chubin/cheat.sh},
  urldate = {2023-11-14},
  abstract = {the only cheat sheet you need},
  keywords = {cheatsheet,cli,command-line,curl,documentation,examples,hacktoberfest2021,help,terminal,tldr}
}

@online{Debugger2022,
  title = {Debugger},
  date = {2022-05-31},
  url = {https://www.techopedia.com/definition/597/debugger},
  urldate = {2024-02-20},
  abstract = {This definition explains the meaning of Debugger and why it matters.},
  langid = {american},
  organization = {{Techopedia}},
  file = {/home/areo/Zotero/storage/Q2GCBSEE/debugger.html}
}

@online{DesktopEntriesArchWiki,
  title = {Desktop Entries - {{ArchWiki}}},
  url = {https://wiki.archlinux.org/title/desktop_entries},
  urldate = {2023-11-05},
  file = {/home/areo/Zotero/storage/AUM3KFTQ/desktop_entries.html}
}

@online{DesktopEntrySpecification,
  title = {Desktop {{Entry Specification}}},
  url = {https://specifications.freedesktop.org/desktop-entry-spec/desktop-entry-spec-latest.html#recognized-keys},
  urldate = {2023-11-05}
}

@online{giteHowUseSed2017,
  title = {How to Use Sed to Find and Replace Text in Files in {{Linux}} / {{Unix}} Shell},
  author = {Gite, Vivek},
  date = {2017-05-24T11:05:51+00:00},
  url = {https://www.cyberciti.biz/faq/how-to-use-sed-to-find-and-replace-text-in-files-in-linux-unix-shell/},
  urldate = {2023-11-21},
  abstract = {sed find and replace text command: This guide explains how to use sed to find and replace text within a file on a Linux, macOS, *BSD and Unix},
  langid = {american},
  organization = {{nixCraft}},
  file = {/home/areo/Zotero/storage/AUVFGTB7/how-to-use-sed-to-find-and-replace-text-in-files-in-linux-unix-shell.html}
}

@online{htorqueAnswerWhyThere2011,
  title = {Answer to "{{Why}} Is There a 4-Layouts Limit for Keyboards?"},
  shorttitle = {Answer to "{{Why}} Is There a 4-Layouts Limit for Keyboards?},
  author = {{htorque}},
  date = {2011-01-16},
  url = {https://askubuntu.com/a/21844},
  urldate = {2023-11-05},
  organization = {{Ask Ubuntu}},
  file = {/home/areo/Zotero/storage/37Q3WGF7/why-is-there-a-4-layouts-limit-for-keyboards.html}
}

@online{InfiniteScrolling,
  title = {Infinite {{Scrolling}}},
  url = {https://xkcd.com/1309/},
  urldate = {2023-10-23},
  organization = {{xkcd}},
  file = {/home/areo/Zotero/storage/ETY6GVMD/1309.html}
}

@online{InstallAURPackages,
  title = {Install {{AUR}} Packages with Pacman},
  url = {http://gewhere.github.io/install-aur-with-pacman},
  urldate = {2023-11-05},
  file = {/home/areo/Zotero/storage/M3ZJYPIM/install-aur-with-pacman.html}
}

@online{izmanAnswerHowSet2017,
  title = {Answer to "{{How}} to Set Subl:// Protocol Handler with {{Unity}}?"},
  shorttitle = {Answer to "{{How}} to Set Subl},
  author = {Izman, Andrey},
  date = {2017-05-28},
  url = {https://askubuntu.com/a/919825},
  urldate = {2023-11-05},
  organization = {{Ask Ubuntu}}
}

@online{kandasamyAnswerHowToggle2020,
  title = {Answer to "{{How}} to Toggle between Vim-Emulation and No-Vim-Emulation When the Vscodevim Extension Is Installed?"},
  shorttitle = {Answer to "{{How}} to Toggle between Vim-Emulation and No-Vim-Emulation When the Vscodevim Extension Is Installed?},
  author = {Kandasamy, Ramasamy},
  date = {2020-05-07},
  url = {https://stackoverflow.com/a/61652769},
  urldate = {2024-01-01},
  organization = {{Stack Overflow}},
  file = {/home/areo/Zotero/storage/BN6SQS52/61652769.html}
}

@software{LibuvLibuv2024,
  title = {Libuv/Libuv},
  date = {2024-02-21T06:00:57Z},
  origdate = {2013-11-30T00:29:56Z},
  url = {https://github.com/libuv/libuv},
  urldate = {2024-02-21},
  abstract = {Cross-platform asynchronous I/O},
  organization = {{libuv}},
  keywords = {asynchronous,deep-io,io,networking,unicorns,unix,velociraptors,windows}
}

@online{LinuxConsoleKeyboard,
  title = {Linux Console/{{Keyboard}} Configuration - {{ArchWiki}}},
  url = {https://wiki.archlinux.org/title/Linux_console/Keyboard_configuration},
  urldate = {2023-11-05},
  file = {/home/areo/Zotero/storage/6J3UTTBM/Keyboard_configuration.html}
}

@online{MIMETypesIANA2023,
  title = {{{MIME}} Types ({{IANA}} Media Types) - {{HTTP}} | {{MDN}}},
  date = {2023-07-25},
  url = {https://developer.mozilla.org/en-US/docs/Web/HTTP/Basics_of_HTTP/MIME_types},
  urldate = {2023-11-05},
  abstract = {A media type (also known as a Multipurpose Internet Mail Extensions or MIME type) indicates the nature and format of a document, file, or assortment of bytes. MIME types are defined and standardized in IETF's RFC 6838.},
  langid = {american}
}

@online{mkarasekAnswerWhatDifference2010,
  title = {Answer to "{{What}}'s the Difference between Git Reset --Mixed, --Soft, and --Hard?"},
  shorttitle = {Answer to "{{What}}'s the Difference between Git Reset --Mixed, --Soft, and --Hard?},
  author = {{mkarasek}},
  date = {2010-08-20},
  url = {https://stackoverflow.com/a/3528483},
  urldate = {2023-11-21},
  organization = {{Stack Overflow}},
  file = {/home/areo/Zotero/storage/XRB74KFI/whats-the-difference-between-git-reset-mixed-soft-and-hard.html}
}

@online{MunifTanjimNuiNvim,
  title = {{{MunifTanjim}}/Nui.Nvim: {{UI Component Library}} for {{Neovim}}.},
  url = {https://github.com/MunifTanjim/nui.nvim},
  urldate = {2024-02-21},
  file = {/home/areo/Zotero/storage/VGSYW7TR/nui.html}
}

@online{palswimAnswerCreateCustom2019,
  title = {Answer to "{{Create}} a Custom {{URL Protocol Handler}}"},
  author = {{palswim}},
  date = {2019-01-28},
  url = {https://unix.stackexchange.com/a/497147},
  urldate = {2023-11-05},
  organization = {{Unix \& Linux Stack Exchange}}
}

@online{pixelomoAnswerHowCan2018,
  title = {Answer to "{{How}} Can {{I}} Switch Word Wrap on and off in {{Visual Studio Code}}?"},
  shorttitle = {Answer to "{{How}} Can {{I}} Switch Word Wrap on and off in {{Visual Studio Code}}?},
  author = {Pixelomo},
  date = {2018-03-01},
  url = {https://stackoverflow.com/a/49042031},
  urldate = {2024-01-01},
  organization = {{Stack Overflow}},
  file = {/home/areo/Zotero/storage/2KMTTGV4/how-can-i-switch-word-wrap-on-and-off-in-visual-studio-code.html}
}

@online{PlocateMuchFaster,
  title = {Plocate, a Much Faster Locate},
  url = {https://plocate.sesse.net/},
  urldate = {2023-11-15},
  file = {/home/areo/Zotero/storage/JK5ZCBMP/plocate.sesse.net.html}
}

@online{portellaConfiguringVSCodeWork2020,
  title = {Configuring {{VSCode}} to Work with {{Minted}} ({{LaTeX}})},
  author = {Portella, Leticia},
  date = {2020-09-15},
  url = {https://leportella.com/minted-vscode/},
  urldate = {2024-01-01},
  abstract = {I was handling some LaTeX files and I needed code coloring. I found the package minted and it seemed perfect, but it required a couple of things that made my life a bit more complicated on VSCode.},
  langid = {english},
  file = {/home/areo/Zotero/storage/CXZQ3L5I/minted-vscode.html}
}

@online{rankinAnswerHowDelete2010b,
  title = {Answer to "{{How}} Do {{I}} Delete a {{Git}} Branch Locally and Remotely?"},
  shorttitle = {Answer to "{{How}} Do {{I}} Delete a {{Git}} Branch Locally and Remotely?},
  author = {Rankin, Matthew},
  date = {2010-01-05},
  url = {https://stackoverflow.com/a/2003515},
  urldate = {2023-11-21},
  organization = {{Stack Overflow}},
  file = {/home/areo/Zotero/storage/VVVZEJC6/how-do-i-delete-a-git-branch-locally-and-remotely.html}
}

@online{RegisteredCategories,
  title = {A.~{{Registered Categories}}},
  url = {https://specifications.freedesktop.org/menu-spec/latest/apa.html},
  urldate = {2023-11-05},
  file = {/home/areo/Zotero/storage/TE3EL4KX/apa.html}
}

@online{simicSudoVsSu2020,
  title = {Sudo {{Vs Su}}: {{The Difference Between}} Sudo and Su {{Explained}}},
  shorttitle = {Sudo {{Vs Su}}},
  author = {Simic, Sofija},
  date = {2020-08-03T15:57:20+00:00},
  url = {https://phoenixnap.com/kb/sudo-vs-su-differences},
  urldate = {2023-11-14},
  abstract = {SU vs. SUDO. What is the difference between su and sudo? Learn how to distinguish between the su and sudo command and when to use one over the other.},
  langid = {american},
  organization = {{Knowledge Base by phoenixNAP}},
  file = {/home/areo/Zotero/storage/RDFRYNYG/sudo-vs-su-differences.html}
}

@software{StarshipStarship2023,
  title = {Starship/Starship},
  date = {2023-11-14T17:05:34Z},
  origdate = {2019-04-02T03:23:12Z},
  url = {https://github.com/starship/starship},
  urldate = {2023-11-14},
  abstract = {☄🌌️  The minimal, blazing-fast, and infinitely customizable prompt for any shell!},
  organization = {{Starship Command}},
  keywords = {bash,fish,fish-prompt,fish-theme,oh-my-zsh,powershell,rust,shell-prompt,starship,zsh,zsh-prompt,zsh-theme}
}

@software{tanjimMunifTanjimNuiNvim2024,
  title = {{{MunifTanjim}}/Nui.Nvim},
  author = {Tanjim, Munif},
  date = {2024-02-21T20:19:06Z},
  origdate = {2021-07-09T16:13:46Z},
  url = {https://github.com/MunifTanjim/nui.nvim},
  urldate = {2024-02-22},
  abstract = {UI Component Library for Neovim.},
  keywords = {lua,neovim,neovim-plugin,neovim-ui,nvim,ui-components}
}

@online{tinoAnswerHowGet2020,
  title = {Answer to "{{How}} to Get a Hyperlink on a Web Page to Open a File in a Text Editor ({{Sublime Text}})"},
  author = {{tino}},
  date = {2020-05-30},
  url = {https://stackoverflow.com/a/62099549},
  urldate = {2023-11-05},
  organization = {{Stack Overflow}}
}

@software{TldrpagesTldr2023,
  title = {Tldr-Pages/Tldr},
  date = {2023-11-14T15:07:41Z},
  origdate = {2013-12-08T07:34:43Z},
  url = {https://github.com/tldr-pages/tldr},
  urldate = {2023-11-14},
  abstract = {📚 Collaborative cheatsheets for console commands},
  organization = {{tldr pages}},
  keywords = {command-line,console,documentation,examples,hacktoberfest,help,man-page,manpages,manual,shell,terminal,tldr}
}

@online{underhillAnswerHowRemove2010,
  title = {Answer to "{{How}} to Remove a File from the Staging Area (= Index = Cache) in {{Git}}?"},
  shorttitle = {Answer to "{{How}} to Remove a File from the Staging Area (= Index = Cache) in {{Git}}?},
  author = {Underhill, David},
  date = {2010-02-08},
  url = {https://stackoverflow.com/a/2223321},
  urldate = {2023-11-21},
  organization = {{Stack Overflow}},
  file = {/home/areo/Zotero/storage/VDDS52N6/how-to-remove-a-file-from-the-staging-area-index-cache-in-git.html}
}

@online{URIsURLsURNs,
  title = {{{URIs}}, {{URLs}}, and {{URNs}}: {{Clarifications}} and {{Recommendations}} 1.0},
  url = {https://www.w3.org/TR/uri-clarification/},
  urldate = {2023-11-05},
  file = {/home/areo/Zotero/storage/IBAUL3JE/uri-clarification.html}
}

@online{voncAnswerWhatDifference2012,
  title = {Answer to "{{What}} Is the Difference between a Commit and a Revision in {{Git}}?"},
  shorttitle = {Answer to "{{What}} Is the Difference between a Commit and a Revision in {{Git}}?},
  author = {VonC},
  date = {2012-08-03},
  url = {https://stackoverflow.com/a/11792712},
  urldate = {2023-11-21},
  organization = {{Stack Overflow}},
  file = {/home/areo/Zotero/storage/SXZVSYLI/what-is-the-difference-between-a-commit-and-a-revision-in-git.html}
}

@online{WhatPurposeTwo,
  title = {What Is the Purpose of Two Slashes (// )after Http ?},
  url = {https://www.quora.com/What-is-the-purpose-of-two-slashes-after-http},
  urldate = {2023-11-05},
  abstract = {Answer: The same as we have rules to drive on a public road, the internet is full of them so different machines and operating systems can communicate between each other in an “understandable” way. The propose of the double-forward-slash in an URL is specified in a document in RFC 3986 (Uniform R...},
  langid = {english},
  organization = {{Quora}},
  file = {/home/areo/Zotero/storage/6EBIGFNW/What-is-the-purpose-of-two-slashes-after-http.html}
}

@online{XkeyboardconfigArchManual,
  title = {Xkeyboard-Config(7) — {{Arch}} Manual Pages},
  url = {https://man.archlinux.org/man/xkeyboard-config.7},
  urldate = {2023-11-05},
  file = {/home/areo/Zotero/storage/7YR99EUI/xkeyboard-config.html}
}

@online{XorgKeyboardConfiguration,
  title = {Xorg/{{Keyboard}} Configuration - {{ArchWiki}}},
  url = {https://wiki.archlinux.org/title/Xorg/Keyboard_configuration},
  urldate = {2023-11-05},
  file = {/home/areo/Zotero/storage/X3ZTFYUJ/Keyboard_configuration.html}
}
